<?xml version='1.0' encoding='UTF-8'?>
<record xmlns="http://www.loc.gov/MARC21/slim">
  <leader>06307cam a2200541 a 4500</leader>
  <controlfield tag="001">2792309</controlfield>
  <controlfield tag="003">NjP</controlfield>
  <controlfield tag="005">20171013182211.0</controlfield>
  <controlfield tag="008">000209s1898    mr            000 0 ara d</controlfield>
  <datafield tag="024" ind1="7" ind2=" ">
    <subfield code="a">princeton_aco003123</subfield>
    <subfield code="2">local</subfield>
  </datafield>
  <datafield ind1=" " ind2=" " tag="035">
    <subfield code="a">(OCoLC)ocn178723008</subfield>
  </datafield>
  <datafield ind1=" " ind2=" " tag="040">
    <subfield code="a">NjP</subfield>
    <subfield code="c">PUL</subfield>
    <subfield code="d">PUL</subfield>
  </datafield>
  <datafield ind1=" " ind2=" " tag="035">
    <subfield code="a">(OCoLC)178723008</subfield>
  </datafield>
  <datafield ind1=" " ind2=" " tag="035">
    <subfield code="9">CNK1753TS</subfield>
  </datafield>
  <datafield ind1=" " ind2=" " tag="035">
    <subfield code="a">(NjP)2792309</subfield>
  </datafield>
  <datafield ind1=" " ind2=" " tag="079">
    <subfield code="a">ocm80619698</subfield>
  </datafield>
  <datafield ind1=" " ind2=" " tag="049">
    <subfield code="a">PULL</subfield>
  </datafield>
  <datafield ind1="1" ind2=" " tag="100">
    <subfield code="6">880-01</subfield>
    <subfield code="a">Ibn al-Sakkāk, Muḥammad ibn Abī Ghālib,</subfield>
    <subfield code="d">-1415 or 1416.</subfield>
    <subfield code="0">http://id.loc.gov/authorities/names/no00011708</subfield>
  </datafield>
  <datafield ind1="1" ind2="0" tag="240">
    <subfield code="6">880-02</subfield>
    <subfield code="a">Naṣḥ mulūk al-Islām</subfield>
  </datafield>
  <datafield ind1="1" ind2="0" tag="245">
    <subfield code="6">880-03</subfield>
    <subfield code="a">Kitāb Naṣḥ mulūk al-Islām bi-al-taʻrīf bi-mā yajibu ʻalayhim min ḥuqūq Āl al-Bayt al-kirām ʻalayhim afḍal al-ṣalāh wa-azká al-salām /</subfield>
    <subfield code="c">lil-Shaykh Abī ʻAbd Allāh Muḥammad ibn Abī Ghālib al-Miknāsī al-maʻrūf bi-Ibn al-Sakkāk. Wa-baʻdahu Taʼlīf jalīl fī al-Imāmah al-ʻuẓmá / lil-Shaykh Abī Muḥammad ʻAbd al-Qādir ibn ʻAlī ibn Yūsuf al-Fāsī. Wa-yalīhumā Taʼlīf nafīs fī ahl al-dhimmah laʻanahum Allāh ajāba bi-hi ... Jaʻfar ibn Idrīs al-Kattānī.</subfield>
  </datafield>
  <datafield ind1="3" ind2="0" tag="246">
    <subfield code="6">880-04</subfield>
    <subfield code="a">Naṣḥ mulūk al-Islām bi-al-taʻrīf bi-mā yajibu ʻalayhim min ḥuqūq Āl al-Bayt al-kirām</subfield>
  </datafield>
  <datafield ind1=" " ind2=" " tag="260">
    <subfield code="a">[Morocco :</subfield>
    <subfield code="b">s.n.],</subfield>
    <subfield code="c">1316 [1898 or 1899]</subfield>
  </datafield>
  <datafield ind1=" " ind2=" " tag="300">
    <subfield code="a">68 p. ;</subfield>
    <subfield code="c">22 cm.</subfield>
  </datafield>
  <datafield ind1=" " ind2=" " tag="590">
    <subfield code="6">880-05</subfield>
    <subfield code="a">With: Tadhkirah wa-naṣīḥah. [Morocco : s.n., 189-?] -- al-Bayān al-muʻrib ʻan maʻānī baʻḍ mā warada fī ahl al-Yaman wa-al-Maghrib / lil-Imām Muḥammad ʻAbd al-Ḥayy ibn Abī al-Makārim ʻAbd al-Kabīr al-Ḥasanī al-Idrīsī al-Kattānī. [Morocco? : s.n.], 1331 [1912] -- Mufākahat dhawī al-nubl wa-al-ijādah ḥaḍrat mudīr jarīdat al-Saʻādah / lil-ʻAllāmah ʻAbd al-Ḥayy ibn ʻAbd al-Kabīr al-Ḥasanī al-Idrīsī al-Kattānī. [Morocco : s.n.], 1326 [1908] --</subfield>
  </datafield>
  <datafield ind1=" " ind2=" " tag="590">
    <subfield code="6">880-06</subfield>
    <subfield code="a">Uṣūl asbāb al-ruqī al-ḥaqīqī. [Morocco : s.n., 191-?] -- al-Sayf al-mamdūd fī al-radd ʻalá aḥbār al-Yahūd / lil-Shaykh ʻAbd al-Ḥayy al-Islāmī. [Morocco : s.n., 1890?] -- Rāyat al-abrār / taʼlīf Muḥammad bin Idrīs al-ʻAlawī al-Miknāsī. [Morocco : s.n.], 1334 [1915 or 1916]. Bound together subsequent to publication.</subfield>
  </datafield>
  <datafield ind1=" " ind2=" " tag="590">
    <subfield code="a">With: Tadhkirah wa-naṣīḥah. [Morocco : s.n., 189-?] -- al-Bayān al-muʻrib ʻan maʻānī baʻḍ mā warada fī ahl al-Yaman wa-al-Maghrib / lil-Imām Muḥammad ʻAbd al-Ḥayy ibn Abī al-Makārim ʻAbd al-Kabīr al-Ḥasanī al-Idrīsī al-Kattānī. [Morocco? : s.n.], 1331 [1912] -- Mufākahat dhawī al-nubl wa-al-ijādah ḥaḍrat mudīr jarīdat al-Saʻādah / lil-ʻAllāmah ʻAbd al-Ḥayy ibn ʻAbd al-Kabīr al-Ḥasanī al-Idrīsī al-Kattānī. [Morocco : s.n.], 1326 [1908] --</subfield>
  </datafield>
  <datafield ind1=" " ind2=" " tag="590">
    <subfield code="a">Uṣūl asbāb al-ruqī al-ḥaqīqī. [Morocco : s.n., 191-?] -- al-Sayf al-mamdūd fī al-radd ʻalá aḥbār al-Yahūd / lil-Shaykh ʻAbd al-Ḥayy al-Islāmī. [Morocco : s.n., 1890?] -- Rāyat al-abrār / taʼlīf Muḥammad bin Idrīs al-ʻAlawī al-Miknāsī. [Morocco : s.n.], 1334 [1915 or 1916]. Bound together subsequent to publication.</subfield>
  </datafield>
  <datafield ind1=" " ind2="0" tag="650">
    <subfield code="a">Leadership</subfield>
    <subfield code="x">Religious aspects</subfield>
    <subfield code="x">Islam</subfield>
    <subfield code="v">Early works to 1800.</subfield>
  </datafield>
  <datafield ind1=" " ind2="0" tag="650">
    <subfield code="a">Imamate</subfield>
    <subfield code="v">Early works to 1800.</subfield>
    <subfield code="0">http://id.loc.gov/authorities/subjects/sh2009126762</subfield>
  </datafield>
  <datafield ind1=" " ind2="0" tag="650">
    <subfield code="a">Dhimmis (Islamic law)</subfield>
    <subfield code="0">http://id.loc.gov/authorities/subjects/sh85037446</subfield>
  </datafield>
  <datafield ind1=" " ind2="7" tag="655">
    <subfield code="a">Lithographs</subfield>
    <subfield code="z">Morocco</subfield>
    <subfield code="y">1898</subfield>
    <subfield code="2">gmgpc</subfield>
  </datafield>
  <datafield ind1="0" ind2="2" tag="700">
    <subfield code="6">880-07</subfield>
    <subfield code="a">ʻAbd al-Qādir al-Fāsī,</subfield>
    <subfield code="d">1599-1680.</subfield>
    <subfield code="t">Taʼlīf fī al-Imāmah.</subfield>
    <subfield code="0">http://id.loc.gov/authorities/names/nr91019769</subfield>
  </datafield>
  <datafield ind1="1" ind2="2" tag="700">
    <subfield code="6">880-08</subfield>
    <subfield code="a">Kattānī, Jaʻfar ibn Idrīs,</subfield>
    <subfield code="d">1830 or 1831-1905.</subfield>
    <subfield code="t">Taʼlīf fī ahl al-dhimmah.</subfield>
    <subfield code="0">http://id.loc.gov/authorities/names/no00011707</subfield>
  </datafield>
  <datafield ind1="0" ind2=" " tag="740">
    <subfield code="6">880-09</subfield>
    <subfield code="a">Taʼlīf fī al-Imāmah.</subfield>
  </datafield>
  <datafield ind1="0" ind2=" " tag="740">
    <subfield code="6">880-10</subfield>
    <subfield code="a">Taʼlīf fī ahl al-dhimmah.</subfield>
  </datafield>
  <datafield ind1="1" ind2=" " tag="880">
    <subfield code="6">100-01/r</subfield>
    <subfield code="a">ابن السكاك، محمد بن ابي غالب،</subfield>
    <subfield code="d">-1415 or 1416.</subfield>
  </datafield>
  <datafield ind1="1" ind2="0" tag="880">
    <subfield code="6">240-02/r</subfield>
    <subfield code="a">نصح ملوك الاسلام</subfield>
  </datafield>
  <datafield ind1="1" ind2="0" tag="880">
    <subfield code="6">245-03/r</subfield>
    <subfield code="a">كتاب نصح ملوك الاسلام بالتعريف بما يجب عليهم من حقوق آل البيت الكرام عليهم افضل الصلاة وازكى السلام /</subfield>
    <subfield code="c">للشيخ ابي عبد الله محمد بن ابي غالب المكناسي المعروف بابن السكاك. وبعده تأليف جليل في الامامة العظمى / للشيخ ابي محمد عبد القادر بن علي بن يوسف الفاسي. ويليهما تأليف نفيس في اهل الذمة لعنهم الله اجاب به ... جعفر بن ادريس الكتاني.</subfield>
  </datafield>
  <datafield ind1="3" ind2="0" tag="880">
    <subfield code="6">246-04/r</subfield>
    <subfield code="a">نصح ملوك الاسلام بالتعريف بما يجب عليهم من حقوق آل البيت الكرام</subfield>
  </datafield>
  <datafield ind1=" " ind2=" " tag="880">
    <subfield code="6">590-05/r</subfield>
    <subfield code="a">With: تذكرة ونصيحة. [المغرب : س.ن.، 189-؟] البيان المعرب عن معاني بعض ما ورد في اهل اليمن والمغرب / للامام محمد عبد الحي بن ابي المكارم عبد الكبير الحسني الادريسي الكتاني. [مر؟ : s.n.]، 1331 [1912] مفاكهة ذوي النبل والاجادة حضرة مدير جريدة السعادة / للعلامة عبد الحي بن عبد الكبير الحسني الادريسي الكتاني. [مر : s.n.]، 1326 [1908]</subfield>
  </datafield>
  <datafield ind1=" " ind2=" " tag="880">
    <subfield code="6">590-06/r</subfield>
    <subfield code="a">اصول اسباب الرقي الحقيقي. [المغرب : س.ن.، 191-؟] السيف الممدود في الرد على احبار اليهود / للشيخ عبد الحي الاسلامي. [المغرب : س.ن.، 1890؟] راية الابرار / تأليف محمد بن ادريس العلوي المكناسي. [المغرب : s.n.]، 1334 [1915 or 1916]. Bound together subsequent to publication.</subfield>
  </datafield>
  <datafield ind1="0" ind2="2" tag="880">
    <subfield code="6">700-07/r</subfield>
    <subfield code="a">عبد القادر الفاسي،</subfield>
    <subfield code="d">1599-1680.</subfield>
    <subfield code="t">تأليف في الامامة.</subfield>
  </datafield>
  <datafield ind1="1" ind2="2" tag="880">
    <subfield code="6">700-08/r</subfield>
    <subfield code="a">كتاني، جعفر بن ادريس،</subfield>
    <subfield code="d">1830 or 1831-1905.</subfield>
    <subfield code="t">تأليف في اهل الذمة.</subfield>
  </datafield>
  <datafield ind1="0" ind2=" " tag="880">
    <subfield code="6">740-09/r</subfield>
    <subfield code="a">تأليف في الامامة.</subfield>
  </datafield>
  <datafield ind1="0" ind2=" " tag="880">
    <subfield code="6">740-10/r</subfield>
    <subfield code="a">تأليف في اهل الذمة.</subfield>
  </datafield>
  <datafield ind1=" " ind2=" " tag="948">
    <subfield code="a">jeb</subfield>
  </datafield>
  <datafield ind1=" " ind2=" " tag="911">
    <subfield code="a">20000209</subfield>
  </datafield>
  <datafield ind1=" " ind2=" " tag="912">
    <subfield code="a">20000209041108.0</subfield>
  </datafield>
  <datafield ind1=" " ind2=" " tag="994">
    <subfield code="a">C0</subfield>
    <subfield code="b">PUL</subfield>
  </datafield>
  <datafield ind1=" " ind2=" " tag="999">
    <subfield code="a">2792309</subfield>
  </datafield>
  <datafield ind1="0" ind2="0" tag="852">
    <subfield code="0">3103575</subfield>
    <subfield code="b">rcppa</subfield>
    <subfield code="t">1</subfield>
    <subfield code="h">BP190.5.L4</subfield>
    <subfield code="i">I267 1898</subfield>
    <subfield code="x">tr fr nec</subfield>
  </datafield>
  <datafield ind1=" " ind2=" " tag="959">
    <subfield code="a">2000-06-13 00:00:00 -0400</subfield>
  </datafield>
</record>
